@online{nhs,
    title = "Pneumonia",
    url = "https://www.nhs.uk/conditions/pneumonia"
}

@article{cost,
title = "Community-Acquired Pneumonia: An Unfinished Battle",
journal = "Medical Clinics of North America",
volume = "95",
number = "6",
pages = "1143 - 1161",
year = "2011",
note = "Pulmonary Diseases",
issn = "0025-7125",
doi = "https://doi.org/10.1016/j.mcna.2011.08.007",
url = "http://www.sciencedirect.com/science/article/pii/S0025712511000927",
author = "Girish B. Nair and Michael S. Niederman",
keywords = "Community-acquired pneumonia, Mortality, Lungs, Pneumococcus"
}

@article{CheXNetRP,
  title={CheXNet: Radiologist-Level Pneumonia Detection on Chest X-Rays with Deep Learning},
  author={Pranav Rajpurkar and Jeremy Irvin and Kaylie Zhu and Brandon Yang and Hershel Mehta and Tony Duan and Daisy Ding and Aarti Bagul and Curtis P. Langlotz and Katie Shpanskaya and Matthew P. Lungren and Andrew Y. Ng},
  journal={CoRR},
  year={2017},
  volume={abs/1711.05225}
}

@article{ChestX-ray8,
  author    = {Xiaosong Wang and
               Yifan Peng and
               Le Lu and
               Zhiyong Lu and
               Mohammadhadi Bagheri and
               Ronald M. Summers},
  title     = {ChestX-ray8: Hospital-scale Chest X-ray Database and Benchmarks on
               Weakly-Supervised Classification and Localization of Common Thorax
               Diseases},
  journal   = {CoRR},
  volume    = {abs/1705.02315},
  year      = {2017},
  url       = {http://arxiv.org/abs/1705.02315},
  archivePrefix = {arXiv},
  eprint    = {1705.02315},
  timestamp = {Mon, 13 Aug 2018 16:47:48 +0200},
  biburl    = {https://dblp.org/rec/bib/journals/corr/WangPLLBS17},
  bibsource = {dblp computer science bibliography, https://dblp.org}
}

@misc{openi,
  title = {Open Access Biomedical Image Search Engine},
  howpublished = {\url{https://openi.nlm.nih.gov/}},
  note = {Accessed: 2019-03-12}
}

@article{firstvision,
 title={The visual system of trilobites},
 author={LARKSON, E. N. K},
 journal={Palaeontology},
 volume={22},
 pages={1--22},
 year={1979}
}

@article{hubel:single,
  author = {Hubel, David H. and Wiesel, Torsten N.},
  biburl = {https://www.bibsonomy.org/bibtex/202c5cf1ee910eadba5efa77b3cd043f6/idsia},
  citeulike-article-id = {2377233},
  journal = {Journal of Physiology},
  keywords = {nn},
  pages = {574--591},
  priority = {2},
  title = {Receptive Fields of Single Neurons in the Cat's Striate Cortex},
  volume = 148,
  year = 1959
}

@article{fukushima:neocognitronbc,
  author = {Fukushima, Kunihiko},
  biburl = {https://www.bibsonomy.org/bibtex/29ecd878c4827c46dab6b9622cfa00072/idsia},
  citeulike-article-id = {2376719},
  journal = {Biological Cybernetics},
  keywords = {nn},
  pages = {193--202},
  priority = {2},
  title = {{N}eocognitron: {A} Self-Organizing Neural Network Model for a Mechanism of Pattern Recognition Unaffected by Shift in Position},
  volume = 36,
  year = 1980
}

@INPROCEEDINGS{Lenet5,
    author = {Yann Lecun and LÃ©on Bottou and Yoshua Bengio and Patrick Haffner},
    title = {Gradient-based learning applied to document recognition},
    booktitle = {Proceedings of the IEEE},
    year = {1998},
    pages = {2278--2324}
}


@incollection{Alexnet,
title = {ImageNet Classification with Deep Convolutional Neural Networks},
author = {Alex Krizhevsky and Sutskever, Ilya and Hinton, Geoffrey E},
booktitle = {Advances in Neural Information Processing Systems 25},
editor = {F. Pereira and C. J. C. Burges and L. Bottou and K. Q. Weinberger},
pages = {1097--1105},
year = {2012},
publisher = {Curran Associates, Inc.},
url = {http://papers.nips.cc/paper/4824-imagenet-classification-with-deep-convolutional-neural-networks.pdf}
}

@inproceedings{vggnet,
  author    = {Karen Simonyan and
               Andrew Zisserman},
  title     = {Very Deep Convolutional Networks for Large-Scale Image Recognition},
  booktitle = {3rd International Conference on Learning Representations, {ICLR} 2015,
               San Diego, CA, USA, May 7-9, 2015, Conference Track Proceedings},
  year      = {2015},
  crossref  = {DBLP:conf/iclr/2015},
  url       = {http://arxiv.org/abs/1409.1556},
  timestamp = {Fri, 29 Mar 2019 10:36:36 +0100},
  biburl    = {https://dblp.org/rec/bib/journals/corr/SimonyanZ14a},
  bibsource = {dblp computer science bibliography, https://dblp.org}
}

@article{cnnzipcodes,
 author = {LeCun, Y. and Boser, B. and Denker, J. S. and Henderson, D. and Howard, R. E. and Hubbard, W. and Jackel, L. D.},
 title = {Backpropagation Applied to Handwritten Zip Code Recognition},
 journal = {Neural Comput.},
 issue_date = {Winter 1989},
 volume = {1},
 number = {4},
 month = dec,
 year = {1989},
 issn = {0899-7667},
 pages = {541--551},
 numpages = {11},
 url = {http://dx.doi.org/10.1162/neco.1989.1.4.541},
 doi = {10.1162/neco.1989.1.4.541},
 acmid = {1351090},
 publisher = {MIT Press},
 address = {Cambridge, MA, USA},
} 

@book{deeplearningbook,
    title={Deep Learning},
    author={Ian Goodfellow and Yoshua Bengio and Aaron Courville},
    publisher={MIT Press},
    note={\url{http://www.deeplearningbook.org}},
    year={2016}
}

@inproceedings{imagenet,
        AUTHOR = {Deng, J. and Dong, W. and Socher, R. and Li, L.-J. and Li, K. and Fei-Fei, L.},
        TITLE = {{ImageNet: A Large-Scale Hierarchical Image Database}},
        BOOKTITLE = {CVPR09},
        YEAR = {2009},
        BIBSOURCE = "http://www.image-net.org/papers/imagenet_cvpr09.bib"}