@misc{dataset,
    author = {Daniel Kermany and Kang Zhang},
    title = {“Labeled Optical Coherence Tomography (OCT) and Chest X-Ray Images for Classification”},
    DOI = "http://dx.doi.org/10.17632/rscbjbr9sj.2",
    year = "2018",
    keywords = "data"
}

@article{CheXNetRP,
  title={CheXNet: Radiologist-Level Pneumonia Detection on Chest X-Rays with Deep Learning},
  author={Pranav Rajpurkar and Jeremy Irvin and Kaylie Zhu and Brandon Yang and Hershel Mehta and Tony Duan and Daisy Ding and Aarti Bagul and Curtis P. Langlotz and Katie Shpanskaya and Matthew P. Lungren and Andrew Y. Ng},
  journal={CoRR},
  year={2017},
  volume={abs/1711.05225}
}

@online{nhs,
    title = "Pneumonia",
    url = "https://www.nhs.uk/conditions/pneumonia"
}

@article{cost,
title = "Community-Acquired Pneumonia: An Unfinished Battle",
journal = "Medical Clinics of North America",
volume = "95",
number = "6",
pages = "1143 - 1161",
year = "2011",
note = "Pulmonary Diseases",
issn = "0025-7125",
doi = "https://doi.org/10.1016/j.mcna.2011.08.007",
url = "http://www.sciencedirect.com/science/article/pii/S0025712511000927",
author = "Girish B. Nair and Michael S. Niederman",
keywords = "Community-acquired pneumonia, Mortality, Lungs, Pneumococcus"
}

@article{ChestX-ray8,
  author    = {Xiaosong Wang and
               Yifan Peng and
               Le Lu and
               Zhiyong Lu and
               Mohammadhadi Bagheri and
               Ronald M. Summers},
  title     = {ChestX-ray8: Hospital-scale Chest X-ray Database and Benchmarks on
               Weakly-Supervised Classification and Localization of Common Thorax
               Diseases},
  journal   = {CoRR},
  volume    = {abs/1705.02315},
  year      = {2017},
  url       = {http://arxiv.org/abs/1705.02315},
  archivePrefix = {arXiv},
  eprint    = {1705.02315},
  timestamp = {Mon, 13 Aug 2018 16:47:48 +0200},
  biburl    = {https://dblp.org/rec/bib/journals/corr/WangPLLBS17},
  bibsource = {dblp computer science bibliography, https://dblp.org}
}

@misc{openi,
  title = {Open Access Biomedical Image Search Engine},
  howpublished = {\url{https://openi.nlm.nih.gov/}},
  note = {Accessed: 2019-03-12}
}

@online{counterray8,
  title = {Exploring the ChestXray14 Dataset Problems},
  author = {Luke Oakden-Rayner},
  url = {https://lukeoakdenrayner.wordpress.com/2017/12/18/the-chestxray14-dataset-problems/},
  note = {Accessed: 2019-03-25}
}

@inproceedings{ pandas,
  author    = { Wes McKinney },
  title     = { Data Structures for Statistical Computing in Python },
  booktitle = { Proceedings of the 9th Python in Science Conference },
  pages     = { 51 - 56 },
  year      = { 2010 },
  editor    = { St\'efan van der Walt and Jarrod Millman }
}

@article{scikit-learn,
 title={Scikit-learn: Machine Learning in {P}ython},
 author={Pedregosa, F. and Varoquaux, G. and Gramfort, A. and Michel, V.
         and Thirion, B. and Grisel, O. and Blondel, M. and Prettenhofer, P.
         and Weiss, R. and Dubourg, V. and Vanderplas, J. and Passos, A. and
         Cournapeau, D. and Brucher, M. and Perrot, M. and Duchesnay, E.},
 journal={Journal of Machine Learning Research},
 volume={12},
 pages={2825--2830},
 year={2011}
}

@article{matplotlib, 
author={J. D. {Hunter}}, 
journal={Computing in Science Engineering}, 
title={Matplotlib: A 2D Graphics Environment}, 
year={2007}, 
volume={9}, 
number={3}, 
pages={90-95}, 
keywords={computer graphics;mathematics computing;object-oriented programming;software packages;Matplotlib;2D graphics package;Python;application development;interactive scripting;publication-quality image generation;user interface;operating system;Graphics;Interpolation;Equations;Graphical user interfaces;Packaging;Image generation;User interfaces;Operating systems;Computer languages;Programming profession;Python;scripting languages;application development;scientific programming}, 
doi={10.1109/MCSE.2007.55}, 
ISSN={1521-9615}, 
month={May}
}

@misc{seaborn,
author       = {Michael Waskom and
                  Olga Botvinnik and
                  Drew O'Kane and
                  Paul Hobson and
                  Saulius Lukauskas and
                  David C Gemperline and
                  Tom Augspurger and
                  Yaroslav Halchenko and
                  John B. Cole and
                  Jordi Warmenhoven and
                  Julian de Ruiter and
                  Cameron Pye and
                  Stephan Hoyer and
                  Jake Vanderplas and
                  Santi Villalba and
                  Gero Kunter and
                  Eric Quintero and
                  Pete Bachant and
                  Marcel Martin and
                  Kyle Meyer and
                  Alistair Miles and
                  Yoav Ram and
                  Tal Yarkoni and
                  Mike Lee Williams and
                  Constantine Evans and
                  Clark Fitzgerald and
                  Brian and
                  Chris Fonnesbeck and
                  Antony Lee and
                  Adel Qalieh},
title        = {mwaskom/seaborn: v0.8.1 (September 2017)},
month        = sep,
year         = 2017,
doi          = {10.5281/zenodo.883859},
url          = {https://doi.org/10.5281/zenodo.883859}
}

@article{pytorch,
  title={Automatic differentiation in PyTorch},
  author={Paszke, Adam and Gross, Sam and Chintala, Soumith and Chanan, Gregory and Yang, Edward and DeVito, Zachary and Lin, Zeming and Desmaison, Alban and Antiga, Luca and Lerer, Adam},
  year={2017}
}

@misc{scipy,
  author =    {Eric Jones and Travis Oliphant and Pearu Peterson and others},
  title =     {{SciPy}: Open source scientific tools for {Python}},
  year =      {2001--},
  url = "http://www.scipy.org/",
  note = {[Online; accessed <today>]}
}

@misc{tensorflow,
title={ {TensorFlow}: Large-Scale Machine Learning on Heterogeneous Systems},
url={https://www.tensorflow.org/},
note={Software available from tensorflow.org},
author={
    Martin Abadi and
    Ashish Agarwal and
    Paul Barham and
    Eugene Brevdo and
    Zhifeng Chen and
    Craig Citro and
    Greg S. Corrado and
    Andy Davis and
    Jeffrey Dean and
    Matthieu Devin and
    Sanjay Ghemawat and
    Ian Goodfellow and
    Andrew Harp and
    Geoffrey Irving and
    Michael Isard and
    Yangqing Jia and
    Rafal Jozefowicz and
    Lukasz Kaiser and
    Manjunath Kudlur and
    Josh Levenberg and
    Dandelion Mane and
    Rajat Monga and
    Sherry Moore and
    Derek Murray and
    Chris Olah and
    Mike Schuster and
    Jonathon Shlens and
    Benoit Steiner and
    Ilya Sutskever and
    Kunal Talwar and
    Paul Tucker and
    Vincent Vanhoucke and
    Vijay Vasudevan and
    Fernanda Viegas and
    Oriol Vinyals and
    Pete Warden and
    Martin Wattenberg and
    Martin Wicke and
    Yuan Yu and
    Xiaoqiang Zheng},
  year={2015},
}